symbol,fiscaldate_end,reported_currency,gross_profit,total_revenue,costof_revenue,costof_goodservices_sold,operating_income,selling_gen_admin,research_dev,operating_expenses,investment_income_net,netInterestIncome,interest_income,interest_expense,noninterest_income,othernon_operatingincome,depreciation,dpr_and_amort,income_beforetax,incometax_expense,interest_debt_expense,netincome_cont_operations,comprehensive_income_netoftax,ebit,ebitda,netincome
ABCM,9/30/2020,GBP,0,0,0,0,0,0,0,0,0,0,0,0,0,0,0,0,0,1050000,0,0,0,0,0,0
ABNB,12/31/2020,USD,649517000,859264000,209747000,209747000,-3085794000,1343584000,2062195000,3945058000,0,-60853000,3287000,64140000,0,0,0,0,-3992502000,-104651000,0,-3887851000,0,-3895924000,0,-3887851000
ABST,9/30/2020,USD,25380150,28495557,3115407,3115407,4198883,16119574,5061693,24296674,0,-116713,21936,138649,0,0,0,0,3895944,1294000,0,2601944,0,5390617,0,2601944
ACCD,5/31/2020,USD,22493000,44441000,21948000,21948000,-12625000,12877000,11370000,48519000,0,-1282000,0,1282000,0,0,0,0,-13922000,38000,0,-13960000,0,896000,0,-13960000
ACI,6/20/2020,USD,6771500000,22751600000,15980100000,0,971800000,5769400000,0,5769400000,0,-180600000,0,0,0,-3100000,0,0,788100000,201900000,0,586200000,587900000,971800000,0,586200000
ADCT,3/31/2020,USD,0,0,0,0,0,0,0,0,0,0,0,0,0,0,0,0,0,102000,0,0,0,0,0,0
ADTX,6/30/2020,USD,0,0,0,0,-398480,370186,28294,398480,0,-135837,0,135837,0,0,0,0,-534317,0,0,-534317,0,-398480,0,-534317
AFYA,6/30/2019,BRL,96210000,178493000,82283000,82283000,37202000,59584000,0,59008000,0,-16755000,1410000,15721000,0,0,0,0,23051000,1725000,0,21326000,0,28287000,0,16317000
AGBA,3/31/2019,USD,0,0,0,0,-10020,10020,0,10020,0,5,5,0,0,0,0,0,-10015,0,0,-10015,0,-10020,0,-10015
AIH,9/30/2019,CNY,164348000,237892000,73544000,73544000,7493000,156855000,0,230399000,0,-6222000,115308000,6222000,0,0,0,0,123314000,4551000,0,118763000,0,129536000,0,115674000
AI,10/31/2020,USD,31260000,41341000,10081000,10081000,-14524000,29650000,16134000,55865000,0,288000,288000,0,0,0,0,0,-14814000,130000,0,-14944000,0,-13454000,0,-14944000
AKRO,6/30/2019,USD,0,0,0,0,-7609000,1649000,5960000,7609000,0,0,0,0,0,0,0,0,-7228000,0,0,-7228000,0,-7609000,0,-7228000
AKUS,6/30/2020,USD,0,0,0,0,-12601000,2664000,9937000,12601000,0,80000,80000,0,0,0,0,0,-12523000,0,0,-12523000,0,-12072000,0,-12523000
ALEC,12/31/2018,USD,-14952000,9145000,24097000,24097000,-19017000,4065000,24097000,28162000,0,0,0,0,0,1644000,0,276000,-17373000,0,0,-17373000,-17275000,-19017000,-18741000,-17373000
ALGM,9/30/2020,USD,55701000,115001000,59300000,59300000,12402000,26789000,25130000,124247000,0,350000,0,0,0,0,0,0,11700000,2082000,0,9618000,0,15939000,0,9584000
ALGS,9/30/2020,USD,0,0,0,0,-21557000,4225000,17332000,21557000,0,234000,234000,0,0,0,0,0,-33297000,0,0,-33297000,0,-20672000,0,-33297000
ALUS,12/31/2019,USD,0,0,0,0,-114583,114583,0,114583,0,0,0,0,0,0,0,0,216198,0,0,216198,0,-114583,0,216198
ALVR,6/30/2020,USD,0,0,0,0,-12153000,3268000,8885000,12153000,0,166000,166000,0,0,0,0,0,-11632000,0,0,-11632000,0,-12134000,0,-11632000
AMHC,12/31/2019,USD,0,0,0,0,-135300,136300,0,0,0,0,154570,0,0,0,0,0,19270,16230,0,0,0,0,0,3040
AMK,6/30/2019,USD,35774000,104483000,68709000,68709000,10557000,17604000,0,93926000,0,-4031000,-4031000,4031000,0,0,0,7613000,6526000,3289000,0,3237000,3237000,10557000,18170000,3237000
AMST,9/30/2020,USD,0,110109,0,0,-1472446,1114792,467763,1582555,0,-3613818,13,3613831,0,0,0,0,-5086264,0,0,-5086264,0,-1311459,0,-5086264
AMTI,6/30/2020,USD,0,0,0,0,-15323000,2487000,12836000,15323000,0,48000,48000,0,0,0,0,0,-15379000,0,0,-15379000,0,-14958000,0,-15379000
AMWL,9/30/2020,USD,20435000,62551000,42116000,42116000,-64287000,56871000,25275000,126838000,0,255000,255000,0,0,0,0,0,-64032000,78000,0,-64596000,0,-61711000,0,-63081000
ANDA,12/31/2018,USD,0,0,0,0,-14772,14772,0,14772,0,0,0,0,0,0,0,0,-7490,0,0,-7490,0,-14772,0,-7490
ANNX,6/30/2020,USD,0,0,0,0,-12237000,2950000,9287000,12237000,0,0,0,0,0,0,0,0,-12236000,4000,0,-12240000,0,-12106000,0,-12240000
ANPC,12/31/2019,CNY,951000,2732000,1781000,1781000,-25018000,23503000,2701000,27750000,0,-712000,0,712000,0,0,0,0,-33253000,-331000,0,-32922000,0,-31801000,0,-32555000
ANVS,12/31/2019,USD,0,0,0,0,-135887,108780,762182,135887,0,-12369,0,-12369,0,0,0,0,-201256,0,0,-201256,0,-109387,0,-201256
API,6/30/2020,USD,24478072,35560435,11082363,11082363,3069000,9547384,10919000,-23259,0,120000,120000,0,0,0,0,0,3196000,190000,0,3006000,0,4017466,0,3006000
APLT,3/31/2019,USD,0,0,0,0,-8729000,1855000,6874000,8729000,0,-1000,-1000,-1000,0,0,0,0,-8730000,0,0,-8730000,0,-8729000,0,-8730000
APSG,9/30/2020,USD,0,0,0,0,-10000,10000,0,10000,0,0,0,0,0,0,0,0,-10000,0,0,-10000,0,-10000,0,-10000
AREC,3/31/2019,USD,6994276,6994276,0,9257380,-9891406,1372588,1600117,16885682,0,-283683,41171,324854,7362925,-174214,816916,0,-14565190,0,324854,-10065620,-10065620,-9891406,0,-10065620
ARQT,12/31/2019,USD,0,0,0,0,-12994000,2237000,10757000,12994000,0,0,0,0,0,0,0,0,-12568000,0,0,-12568000,0,-12843000,0,-12568000
ARRY,9/30/2020,USD,26731000,139462000,112731000,112731000,-5107000,11873000,0,31838000,0,-673000,0,673000,0,-29000,600000,6374000,-5809000,1423000,0,-7232000,0,-5107000,1267000,-7232000
ARYA,6/30/2020,USD,0,0,0,0,-11717,11717,0,11717,0,0,0,0,0,0,0,0,-11717,0,0,-11717,0,-11717,0,-11717
ASAN,10/31/2020,USD,51584000,58905000,7321000,7321000,-61934000,80522000,32996000,120839000,0,-10740000,0,10740000,0,0,0,0,-72674000,615000,0,-73289000,0,-60942000,0,-73289000
ASO,10/31/2020,USD,496501000,1606420000,1109919000,1109919000,81556000,312713000,0,1267520000,0,-22399000,0,22399000,0,0,0,0,58393000,-1193000,0,59586000,0,184416000,0,59586000
ATAC,9/30/2020,USD,0,0,0,0,0,0,0,0,0,0,0,0,0,0,0,0,0,0,0,0,0,0,0,0
ATHA,9/30/2020,USD,0,0,0,0,-7397000,1567000,5830000,7397000,0,35000,35000,0,0,0,0,0,-8456000,0,0,-8456000,0,-7815000,0,-8456000
ATIF,4/30/2019,USD,322996,322996,0,0,-452319,775315,0,775315,0,0,0,0,0,0,0,0,-446317,-71157,0,-375159,0,-452319,0,-375159
AUVI,9/30/2020,USD,78178,1560633,1482455,1482455,-894967,925108,48037,2455600,0,0,0,0,0,0,0,0,-894732,0,0,-894732,0,-885785,0,-894732
AVIR,9/30/2020,USD,0,0,0,0,-17629000,4028000,13601000,17629000,0,7000,7000,0,0,0,0,0,-17622000,0,0,-17622000,0,-17624000,0,-17622000
AVO,10/31/2020,USD,39513000,206773000,167260000,167260000,22691000,16822000,0,184082000,0,-705000,534000,1239000,0,0,0,0,23327000,4569000,0,18758000,0,30031000,0,18758000
AVTR,6/30/2019,USD,491100000,1532400000,1041300000,1041300000,119100000,372000000,0,1413300000,0,-115100000,-100800000,115100000,0,15600000,0,103000000,-50600000,-1900000,0,-48700000,-37300000,119100000,222100000,-48700000
AYLA,3/31/2020,USD,0,1001000,1001000,1001000,-6439000,1311000,5128000,7440000,0,-38000,-38000,0,0,0,0,0,-6477000,121000,0,-6598000,0,-6386000,0,-6598000
AZEK,6/30/2020,USD,75123000,223711000,148588000,148588000,7970000,65164000,1700000,65164,0,-25148000,0,25148000,0,0,12700000,0,-54716000,-2600000,0,-52116000,-52116000,7970000,0,-52116000
BCOW,12/31/2018,USD,3995000,3995000,0,0,3962782,32218,0,46218,0,3319000,4504000,1185000,662000,0,175000,0,68000,9000,1185000,59000,433000,3962782,0,59000
BCYC,6/30/2019,USD,-5015000,1522000,6537000,6537000,-7988000,2973000,6537000,9510000,0,90000,90000,0,0,0,0,0,-10082000,135000,0,-10217000,0,-7758000,0,-10217000
BDSX,9/30/2020,USD,5302000,9193000,3891000,3891000,-6240000,7879000,2706000,15433000,0,-2658000,0,2658000,0,53000,200000,0,-8845000,0,0,-8845000,0,-6240000,0,-8845000
BDTX,12/31/2019,USD,0,0,0,0,-10344000,2884000,7460000,10344000,0,440000,440000,0,0,0,0,0,-9875000,0,0,-9875000,0,-3940000,0,-9875000
BEAM,12/31/2019,USD,0,6000,0,0,-26371000,6160000,20217000,26377000,0,385000,504000,119000,0,0,1002000,0,-27850000,0,0,-27850000,-27882000,-26371000,0,-27850000
BEKE,6/30/2020,CNY,4383230000,20548915000,16165685000,16165685000,3435050000,3675157000,523670000,16706609000,0,58486000,105005000,39926000,0,0,0,0,3620528000,781715000,0,2838813000,0,-149197000,0,2836568000
BFT,9/30/2020,USD,0,0,0,0,-123513,123513,0,123513,0,126374,126374,0,0,0,0,0,2861,19538,0,-16677,0,-123513,0,-16677
BHAT,6/30/2019,USD,2222834,3176565,953732,953732,1268818,857868,96148,1907748,0,-19451,32,18759,0,0,0,0,1143746,55447,0,1088299,0,1162505,0,1088299
BHSE,9/30/2020,USD,0,0,0,0,-50,50,0,50,0,0,0,0,0,0,0,0,-50,0,0,-50,0,-50,0,-50
BIGC,6/30/2020,USD,28479000,36316000,7837000,7837000,-7383000,24517000,11345000,35862000,0,-1135000,17000,1152000,0,40000,0,0,-8478000,3000,0,-8481000,-8481000,-7383000,0,-8481000
BLCT,6/30/2020,CNY,77182914,247439121,170256207,170256207,-5450987,51297668,31336233,252890108,0,1945683,1945683,0,0,0,0,0,-3505691,-155928,0,-3349763,0,-5450600,0,-3349763
BNL,9/30/2020,USD,80744000,80744000,-15000,4187000,14926000,7214000,0,65061000,0,-18511000,-18511000,18511000,-392000,0,0,31363000,9840000,129000,18903000,15988000,12634000,14926000,46289000,8750000
BNR,6/30/2020,CNY,78398000,106971000,28573000,28573000,-73042000,80264000,71176000,180013000,0,1983000,44000,-1939000,0,0,0,0,-71055000,0,0,-71055000,0,-72876000,0,-71055000
BNTX,9/30/2019,EUR,24432000,28662000,4230000,4230000,-36874000,11252000,50396000,65536000,0,6779000,7294000,433000,0,0,0,0,-30095000,8000,0,-30103000,0,-21170000,0,-30103000
BORR,6/30/2019,USD,54900000,86600000,31700000,31700000,-40500000,14000000,0,127100000,0,-28200000,200000,20100000,0,0,0,0,-100700000,2500000,0,-103200000,0,-24000000,0,-103200000
BQ,9/30/2020,CNY,42635000,229190000,186555000,186555000,-34183000,77076000,0,263373000,0,-1929000,6374000,6416000,0,0,0,0,-26930000,500000,0,-27450000,0,-35426000,0,-28067000
BRBR,9/30/2019,USD,76700000,214500000,137800000,137800000,36000000,35100000,0,178500000,0,0,0,-11600000,0,0,0,0,36000000,9300000,0,26700000,0,36000000,0,26700000
BSY,9/30/2020,USD,160369000,202997000,42628000,42628000,5323000,74830000,50217000,155046000,0,-1934000,41000,1975000,0,13741000,0,0,16549000,10705000,0,5844000,5037000,5323000,0,5844000
BWAY,3/31/2019,USD,4024000,5182000,1158000,1158000,-1609000,3841000,1792000,6791000,0,-236000,-236000,-236000,0,0,0,0,-1845000,62000,0,-1907000,0,-1253000,0,-1907000
CABA,9/30/2019,USD,0,0,0,0,-5031000,1811000,3220000,5031000,0,381000,381000,0,0,0,0,0,-4650000,0,0,-4650000,0,-4999000,0,-4650000
CALT,6/30/2020,SEK,0,0,0,0,-66562000,18797000,48386000,66562000,0,5303000,0,0,0,0,0,0,-61259000,67000,0,-61326000,0,-66562000,0,-61326000
CAN,12/31/2019,USD,-673429000,463247000,1136676000,1136676000,-800263000,62217000,63609000,127739000,0,398000,1793000,1395000,0,0,0,0,-798211000,0,0,-798211000,0,-795607000,0,-798211000
CAPA,9/30/2020,USD,0,0,0,0,-50637,50637,0,50637,0,384,384,0,0,0,0,0,-50253,0,0,-50253,0,-50637,0,-50253
CAP,12/31/2020,USD,0,0,0,0,-147070,147070,0,147070,0,0,12580,0,0,0,0,0,-134490,0,0,-134490,0,-147070,0,-134490
CCAC,12/31/2019,USD,0,0,0,0,-22966,22966,0,22966,0,0,0,0,0,0,0,0,-22966,0,0,-22966,0,-22966,0,-22966
CDAK,9/30/2020,USD,0,954000,0,0,-35028000,5342000,30640000,35982000,0,-603000,4000,607000,0,0,0,0,-35293000,0,0,-35293000,-35293000,-35028000,0,-35293000
CD,9/30/2020,CNY,190327000,467484000,277157000,277157000,-93244000,271058000,12513000,560728000,0,-54635000,6280000,60915000,0,0,0,0,-157243000,16454000,0,-173697000,0,17249000,0,-173697000
CERT,12/31/2020,USD,29736000,64641000,34905000,34905000,-53520000,62786000,10505000,118161000,0,-5486000,0,5486000,0,0,0,0,-59927000,-5480000,0,-54447000,0,-43328000,0,-54447000
CFAC,9/30/2020,USD,0,0,0,0,0,0,0,0,0,0,0,0,0,0,0,0,-505,0,0,-505,0,0,0,-505
CGRO,3/31/2020,USD,0,0,0,0,-908,908,0,908,0,0,0,0,0,0,0,0,-908,0,0,-908,0,-908,0,-908
CHAQ,3/31/2020,USD,0,0,0,0,-16923,16923,0,16923,0,0,0,0,0,0,0,0,-16923,0,0,-16923,0,-16923,0,-16923
CHWY,5/31/2019,USD,272235000,1153545000,881310000,881310000,-83080000,355315000,0,1236625000,0,204000,0,0,0,0,0,0,-82876000,0,0,-82876000,0,-75450000,0,-82876000
CLEU,3/31/2020,USD,0,0,0,0,0,0,0,0,0,0,0,0,0,0,0,0,0,24338,0,0,0,0,0,0
CMBM,6/30/2019,USD,34312000,69151000,34839000,34839000,-9394000,27290000,15189000,78545000,0,-2301000,-2357000,2301000,0,0,0,0,-11751000,8623000,0,-20374000,0,-8057000,0,-20374000
CMPI,6/30/2020,USD,0,0,0,0,-8271000,1795000,6476000,8271000,0,6000,6000,0,0,0,0,0,-8348000,0,0,-8348000,0,-8271000,0,-8348000
CMPS,9/30/2020,USD,0,0,0,0,-13482000,6607000,6875000,13482000,0,0,0,0,0,0,0,0,-16612000,82000,0,-16694000,0,-9124000,0,-16694000
CNSP,9/30/2019,USD,0,0,0,0,-699094,420191,278903,699094,0,-7561,-7560,7561,0,0,0,0,-706655,0,0,-706655,0,-698396,0,-706655
CNTG,9/30/2019,EUR,4997000,11638000,6641000,6641000,-3375000,6672000,2011000,7840000,0,-1433000,0,1433000,0,0,0,0,-4276000,0,0,-4276000,0,-4097000,0,-4276000
CRSA,3/31/2019,USD,0,0,0,0,-85740,85740,0,85743,0,0,302660,0,0,0,0,0,216920,45552,0,171366,0,-85743,0,171370
CRSR,9/30/2020,USD,127944000,457103000,329159000,329159000,49721000,65321000,12902000,78223000,0,-10170000,0,10170000,0,-10147000,0,0,39574000,3217000,0,36357000,39426000,49721000,0,36357000
CRTX,3/31/2019,USD,0,0,0,0,-6075000,1250000,4825000,6075000,0,394000,394000,0,0,394000,0,0,-5681000,0,0,-5681000,0,-5662000,0,-5681000
DADA,6/30/2020,CNY,222918000,1323049000,1100131000,1100131000,-471911000,551052000,128601000,1794960000,0,13172000,15286000,2114000,0,0,0,0,-458739000,-1253000,0,-457486000,0,-456625000,0,-457486000
DAO,9/30/2019,CNY,89234000,345908000,256674000,256674000,-234742000,249047000,74929000,580650000,0,-4071000,-4071000,-0.01,0,0,0,0,-229874000,802000,0,-230676000,0,-234742000,0,-231130000
DASH,12/31/2020,USD,501000000,970000000,469000000,469000000,-305000000,566000000,209000000,1275000000,0,-9000000,1000000,10000000,0,0,0,0,-311000000,1000000,0,-312000000,0,-270000000,0,-312000000
DCBO,12/31/2020,USD,15781000,18756000,2975000,2975000,-704000,12501000,3524000,19460000,0,-93000,81000,162000,0,0,0,0,-4159000,-418000,0,-3741000,0,-3537000,0,-3741000
DCRB,9/30/2020,USD,0,0,0,0,-859,0,0,859,0,0,0,0,0,0,0,0,-859,0,0,-859,0,-859,0,-859
DCT,8/31/2020,USD,28679000,58322000,29643000,29643000,-21461000,35512000,14628000,79783000,0,30000,30000,-30000,0,0,0,0,-20806000,673000,0,-21479000,0,-15166000,0,-21610000
DFPH,3/31/2020,USD,0,0,0,0,-87774,38074,0,87774,0,42685,42685,0,0,0,0,0,-45089,0,0,-45089,0,-87774,0,-45089
DNK,12/31/2019,CNY,2015123000,2129348000,114225000,114225000,-837694000,2299510000,50124000,2967042000,0,-83298000,-83298000,99427000,0,0,0,0,-920992000,0,0,-920992000,0,-821565000,0,-919806000
DOYU,6/30/2019,CNY,301050000,1872729000,1571679000,1571679000,-9960000,241103000,84404000,1882689000,0,35166000,35166000,0,0,0,0,0,21440000,0,0,23156000,0,-9960000,0,22276000
DUO,9/30/2019,CNY,198849000,947963000,749114000,749114000,76836000,48614000,73399000,871127000,0,0,0,0,0,0,0,0,80308000,-3.64,0,80308000,0,76836000,0,80308000
EBC,9/30/2020,USD,0,146451000,0,0,0,81195000,0,0,0,98742000,100513000,1771000,0,0,0,0,35934000,7429000,0,28505000,0,0,0,28505000
EBON,6/30/2020,USD,0,0,0,0,0,0,0,0,0,0,0,0,0,0,0,0,0,367524,0,0,0,0,0,0
EDTK,6/30/2020,USD,0,0,0,0,0,0,0,0,0,0,0,0,0,0,0,0,0,872003,0,0,0,0,0,0
EH,12/31/2019,CNY,33196000,54684000,21488000,21488000,2145000,17521000,15468000,52539000,0,-191000,237000,428000,0,0,0,0,476000,627000,0,-156000,0,2679000,0,-1933000
EIC,6/30/2019,USD,1601890,2182000,580110,580110,1480990,86250,0,102810,0,0,-3069160,-258,0,0,0,0,-1588170,0,0,3093388,0,1566590,0,-1588170
ESSC,3/31/2020,USD,0,0,0,0,-94824,0,0,94824,0,792381,792381,0,0,0,0,0,697557,0,0,697557,0,-94824,0,697557
ETNB,9/30/2019,USD,0,0,0,0,-8198000,1518000,6680000,8198000,0,0,0,0,0,0,0,0,-18668000,57000,0,-18725000,0,-8193000,0,-18725000
EXPC,9/30/2019,USD,335856000,-991346000,655490000,655490000,-43053,-126909000,0,-259403000,0,168280,168280,0,0,0,0,0,125227,26088,0,99139,0,-158453000,0,99139
FMTX,6/30/2020,USD,0,0,0,0,-26959000,6448000,20511000,26959000,0,895000,895000,0,0,0,0,0,-28678000,-3238000,0,-25440000,0,-24095000,0,-25440000
FRLN,6/30/2020,USD,0,0,0,0,0,0,0,0,0,0,0,0,0,0,0,0,0,0,0,0,0,0,0,0
FROG,9/30/2020,USD,31625000,38886000,7261000,7261000,-5399000,26643000,10381000,37024000,0,384000,384000,0,0,0,0,0,-5015000,250000,0,-5265000,-5715000,-5399000,0,-5265000
FSLY,6/30/2019,USD,25389000,46173000,20784000,20784000,-11681000,25826000,11244000,37070000,0,-2128000,861000,2989000,0,-1696000,3900000,0,-15505000,82000,0,-15587000,-15594000,-11681000,0,-15587000
FTHM,6/30/2020,USD,2331965,38688744,36356779,36356779,184457,2147508,0,38504287,0,-32659,0,32659,0,0,0,0,161798,1000,0,160798,0,238953,0,160798
FTIV,9/30/2020,USD,0,0,0,0,-19908,19908,0,19908,0,63,63,0,0,0,0,0,-19845,0,0,-19845,0,-19908,0,-19845
FUBO,9/30/2020,USD,73375000,73375000,0,71006000,-302164000,30538000,10727000,363366000,0,10081000,0,-10081000,63294000,0,100000,14413000,-290188000,-16071000,-12173000,-274117000,-277227000,-302164000,-287751000,-274117000
FUSN,6/30/2020,USD,0,0,0,0,-7261000,3988000,3325000,7261000,0,22000,22000,0,0,0,0,0,-44583000,150000,0,-44733000,0,-1098000,0,-44733000
FUTU,3/31/2019,HKD,175158000,236449000,61291000,61291000,62304000,59429000,0,112854000,0,87448000,107873000,20425000,0,0,0,0,61377000,15836000,0,45541000,0,0,0,45541000
FVRR,6/30/2019,USD,20607000,25912000,5305000,5305000,-9323000,21473000,8457000,29930000,0,-10000,-10000,-10000,0,0,0,0,-9333000,20000,0,-9353000,0,-8413000,0,-9353000
GAN,3/31/2020,USD,5091000,7670000,2579000,2579000,702000,4389000,0,6968000,0,-24000,0,24000,0,0,0,0,678000,145000,0,533000,0,702000,0,533000
GATO,9/30/2020,USD,-594000,0,594000,594000,-3724000,2894000,0,3724000,0,-147000,0,147000,0,0,0,0,-1185000,0,0,-1185000,0,-446000,0,-1185000
GBIO,6/30/2020,USD,0,0,0,0,-17764000,4308000,13456000,17764000,0,33000,0,0,0,0,0,0,-17731000,0,0,-17731000,0,-16939000,0,-17731000
GBS,12/31/2020,USD,0,0,0,0,-917326,858543,341820,917326,0,-986426,434,986860,0,0,0,0,-1990389,0,0,-1990389,0,-1003529,0,-1983964
GFL,3/31/2020,USD,79021000,931324000,852303000,852303000,-76100000,149189000,0,155059000,0,-269409000,-287000000,269409000,0,0,0,0,-365700000,-87726000,0,-277950000,0,-430880000,0,-278000000
GHIV,12/31/2019,USD,0,0,0,0,-17785,16672,0,17785,0,0,0,0,0,0,0,0,-17771,2420,0,-17771,0,-17785,0,-17771
GHLD,9/30/2020,USD,0,562500000,0,0,0,281979000,0,0,0,-1094000,14905000,15999000,0,0,0,0,246309000,64223000,0,182086000,0,0,0,182086000
GHSI,3/31/2019,USD,149046,194464,93492,93492,-1181493,1301511,29028,1330539,0,-17572,-17570,17572,0,0,0,68102,-1388830,0,17572,-977887,-977887,-1181493,-1113391,-1385099
GIX,6/30/2019,USD,0,0,0,0,-181820,181820,0,146624,0,218104,218100,0,0,0,0,0,36280,65082,0,6398,0,-146624,0,-28800
GLEO,9/30/2019,USD,0,0,0,0,-18915,18915,0,18915,0,0,0,0,0,0,0,0,-18915,0,0,-18915,0,-18915,0,-18915
GLSI,9/30/2020,USD,0,0,0,0,-256865,98834,158031,256865,0,0,0,0,0,0,0,0,-256865,0,0,-256865,0,-255962,0,-256865
GLTO,9/30/2020,USD,0,0,0,0,-10166000,2515000,7651000,10166,0,0,0,0,0,0,0,0,-11651000,0,0,-11651000,0,-10084000,0,-11651000
GNFT,3/31/2019,USD,2678500,2678500,0,0,-22969000,6201000,19449500,25647500,0,0,0,-2834500,0,0,0,0,-25710500,-144500,0,-25566000,0,-22969000,0,-25566000
GNLN,3/31/2019,USD,8986785,49897604,40910819,40910819,-5163541,13466000,0,14150326,0,-601880,-12665000,601880,0,-12489143,357000,684077,-17652684,11665,0,-17664349,0,-5163541,-4479464,-17664349
GNRS,12/31/2019,USD,0,0,0,0,-2200,0,0,0,0,0,0,0,0,0,0,0,-2200,0,0,0,0,0,0,-2200
GOED,6/30/2020,USD,2599873,15285031,12685158,12685158,-60230,2568313,0,15345261,0,-762919,1062,234908,0,0,0,0,-4705781,-688953,0,-4016828,0,-493571,0,-4016828
GP,9/30/2020,USD,883719,2835411,1951692,1951692,-836392,1346556,235699,3671803,0,-505589,0,505589,0,0,0,0,-1486160,0,0,-1486160,0,-863100,0,-1486160
GRAY,9/30/2020,USD,0,0,0,0,-6821000,2064000,4757000,6821000,0,3000,3000,0,0,0,0,0,-4716000,0,0,-4716000,0,-6725000,0,-4716000
GRCY,6/30/2020,USD,0,0,0,0,-1203,1203,0,1203,0,0,0,0,0,0,0,0,-1203,0,0,-1203,0,-1203,0,-1203
GRIL,12/31/2019,USD,-1615698,-337941,1277757,1415340,-883615,676032,0,2837404,0,-1615698,0,1615698,-3681248,-2841,74235,90318,-23010130,0,1615698,-23010130,-23010130,-883615,-793297,-23010130
GRNV,12/31/2019,USD,0,0,0,0,-107938,107938,0,107938,0,93286,93286,0,0,0,0,0,-16303,0,0,-12879,0,-107938,0,-12879
GSAH,6/30/2020,USD,0,0,0,0,-58661,58661,0,58661,0,0,0,0,0,0,0,0,-58661,-12262,0,-46399,0,-58661,0,-46399
GSX,6/30/2019,CNY,439600000,622834000,183234000,183234000,58953000,309077000,41128000,380647000,0,3990000,5106000,0,0,0,0,0,64683000,4539000,0,16374000,0,69928000,0,50265000
GTH,6/30/2020,CNY,64223000,101735000,37512000,37512000,-52876000,88524000,29845000,-1270000,0,-629000,198000,827000,0,0,0,0,-2832363000,0,0,-2832363000,0,-2831269000,0,-2832363000
HAPP,9/30/2019,USD,32247070,63936190,31689120,31689120,9822250,8242490,567253,10404190,0,0,-13050,-21443,0,0,0,0,9904450,740577,0,4211649,0,22217890,0,8423300
HARP,12/31/2018,USD,-7655000,1063000,8717000,8717000,-9869000,2215000,8717000,10932000,0,0,0,0,0,-8000,0,300000,-9731000,0,0,-9731000,-9732000,-9869000,-9569000,-9729000
HCDI,9/30/2020,USD,622600,7806500,7183900,7183900,-835600,0,0,8642100,0,-163900,0,163900,0,0,0,0,-1011900,-571600,0,-440300,0,-636200,0,-437100
HHR,3/31/2019,RUB,1198300000,1678400000,480200000,480200000,579793000,436500000,0,618400000,0,-141623000,26207000,167830000,0,0,0,0,415529000,176782000,0,238747000,0,387000000,0,209391000
HKIB,6/30/2019,HKD,286727894,196022160,25639284,25639284,258668974,28003280,0,53698204,0,-5433843,110927830,5417177,0,0,0,0,252684655,33013010,0,219671645,0,363612490,0,219671645
HOTH,3/31/2019,USD,0,0,0,0,-829370,621990,144750,829365,0,0,0,0,0,0,0,0,-829370,0,0,-829365,0,-829063,0,-829370
HRMY,9/30/2020,USD,37719000,45609000,7890000,7890000,10380000,23109000,4230000,35229000,0,-6946000,0,6946000,0,0,0,0,1909000,0,0,1909000,0,10822000,0,1909000
HUIZ,12/31/2019,CNY,97827000,258263000,160436000,160436000,-7757000,95904000,11825000,108172000,0,-1521000,115000,-75000,0,0,0,0,-7774000,-319000,0,-7545000,0,-6688000,0,-7545000
IBEX,6/30/2020,USD,31871000,100880000,69009000,69009000,2303000,15313000,0,8019000,0,-2238000,0,-4737000,0,0,0,0,-2972000,833000,0,-3805000,0,-1697000,0,-3805000
IGMS,9/30/2019,USD,-4323000,0,4323000,4323000,-10673000,2394000,8279000,10673000,0,0,0,0,0,0,0,0,-10172000,0,0,-10172000,0,-9313000,0,-10172000
IHRT,6/30/2019,USD,636448000,913320000,276872000,276872000,177619000,384061000,0,735701000,0,0,0,-69711000,0,0,0,0,9601122000,116292000,0,9484830000,0,177619000,0,11337317000
IH,9/30/2020,CNY,107555000,156902000,49347000,49347000,13541000,38149000,55865000,143361000,0,0,0,0,0,0,0,0,17370000,6737000,0,10633000,0,13541000,0,10633000
IMAB,12/31/2019,CNY,0,30000000,0,0,-333471000,654553000,262038000,333471000,0,7217000,7742000,525000,0,0,0,0,-348570000,0,0,-348570000,0,-1413367000,0,-348570000
IMNM,9/30/2020,USD,0,0,0,0,-2818000,1174000,1644000,2818000,0,-10000,0,10000,0,0,0,0,-8377000,0,0,-8377000,0,-2641000,0,-8377000
IMRA,3/31/2020,USD,0,0,0,0,-7352000,1559000,5793000,7352000,0,132000,132000,0,0,0,0,0,-7215000,0,0,-7215000,0,-7328000,0,-7215000
INBX,9/30/2020,USD,0,5901000,0,0,-15558000,1622000,19837000,21459000,0,-4428000,0,4428000,0,0,0,0,-20010000,0,0,-20497000,0,-15558000,0,-20497000
INDO,12/31/2019,USD,0,0,0,0,0,0,0,0,0,0,0,0,0,0,0,0,0,0,0,0,0,0,0,0
INMB,12/31/2018,USD,0,0,0,0,-1879935,1364649,515286,1879935,0,0,0,0,0,0,0,0,-1879935,0,0,-1879935,0,-1879935,0,-1879935
INMD,6/30/2019,USD,33922000,38797000,4875000,4875000,15727000,16611000,1584000,23070000,0,382000,382000,0,0,0,0,0,16109000,274000,0,15835000,0,15801000,0,15797000
INTZ,9/30/2020,USD,936000,1587000,652000,652000,-1407000,1265000,1081000,2357000,0,-2000,0,2000,1589000,0,0,11000,-1409000,0,2000,-1416000,-1416000,-1407000,-1396000,-1409000
INZY,6/30/2020,USD,0,0,0,0,-9548000,1671000,7877000,9548000,0,71000,71000,0,0,0,0,0,-9473000,0,0,-9473000,0,-9522000,0,-9473000
IPHA,9/30/2019,EUR,-21920455.07,37457689.4,59378144.45,59378144.45,-51296197.32,23194851.12,0,88753886.66,0,0,0,-6928386.9,0,0,0,0,-47770883.43,0,0,-47770883.43,0,-51296197.32,0,-47770883.43
ITOS,6/30/2020,USD,0,0,0,0,-7264000,2394000,6137000,-1081000,0,0,0,0,0,0,0,0,-7252000,-50000,0,-7202000,0,-7135000,0,-7202000
IVA,6/30/2020,USD,0,0,0,0,0,0,0,0,0,0,0,0,0,0,0,0,0,0,0,0,0,0,0,0
JAMF,6/30/2020,USD,48584000,62231000,13647000,13647000,4216000,26805000,11929000,44368000,0,-4690000,0,4690000,0,36000,0,0,-451000,-28000,0,-423000,0,4216000,0,-423000
JFIN,3/31/2019,CNY,612897000,731331000,118434000,118434000,294657000,220724000,53722000,318240000,0,-482000,-482000,-0.02,0,0,0,0,297694000,43479000,0,254215000,0,297212000,0,254215000
JIH,9/30/2019,USD,0,0,0,0,-1180,0,0,0,0,0,0,0,0,0,0,0,-1180,0,0,-1179,0,0,0,-1180
JMIA,3/31/2019,EUR,15666000,31842000,16176000,16176000,-45498000,40090000,16536545.87,61164000,0,-200000,-225000,800000,0,0,0,0,-45722000,100000,0,-45800000,0,-45160000,0,-45735000
JUPW,9/30/2020,USD,81727,178335,96608,96608,-568685,650412,0,747020,0,-38604,1068,39672,0,0,0,0,-607289,0,0,-607289,0,-520727,0,-607289
JWS,3/31/2020,USD,0,0,0,0,-3413,3413,0,3413,0,0,0,0,0,0,0,0,-3413,0,0,-3413,0,-3413,0,-3413
KBNT,6/30/2020,USD,0,91537,0,0,-1117700,658080,551157,1209237,0,-398120,0,398120,0,0,0,0,-1505320,0,0,-1505320,0,17676,0,-1505320
KC,3/31/2020,CNY,70771000,1390963000,1320192000,1320192000,-288824000,163945000,195650000,359595000,0,8211000,10095000,1884000,0,0,0,0,-325818000,5829000,0,-331647000,0,-357247000,0,-331341000
KRBP,9/30/2020,USD,0,0,0,0,-2415700,1190000,1225700,2415.7,0,0,0,0,0,0,0,0,-2415700,0,0,-2415700,0,-2365300,0,-2415700
KRKR,9/30/2019,CNY,55086000,130923000,75837000,75837000,-22781000,69172000,8695000,66413000,0,0,880000,0,0,0,0,0,-9985000,2383000,0,-12368000,0,-9367000,0,-11153000
KRON,9/30/2020,USD,0,0,0,0,-20809000,4054000,16755000,20809000,0,-3689000,200000,3889000,0,0,0,0,-39713000,0,0,-39713000,0,-35628000,0,-39713000
KROS,3/31/2020,USD,0,0,0,0,-10504000,1977000,8527000,10504000,0,-2000,-1492000,2000,0,0,0,0,-12064000,-172000,0,-11892000,0,-11999000,0,-11892000
KRTX,6/30/2019,USD,0,0,0,0,-15070000,8286000,6784000,15070000,0,-70000,452000,522000,0,0,0,0,-15140000,0,0,-15140000,0,-14606000,0,-15140000
LEGN,6/30/2020,USD,0,11600000,0,0,-56032000,14065000,53567000,67632000,0,-88000,0,88000,0,0,0,0,-134876000,0,0,-134876000,0,-134788000,0,-134876000
LESL,9/30/2020,USD,166635000,381313000,214678000,214678000,68048000,98587000,0,313265000,0,-18585000,0,18585000,0,0,0,0,49284000,7230000,0,42055000,0,61216925,0,42055000
LEVI,2/24/2019,USD,782808000,1416914000,651650000,651650000,200912000,581896000,0,581896000,0,-17544000,4011000,17544000,2621000,-1646000,0,0,181848000,35271000,17544000,146451000,146577000,200912000,0,146577000
LINX,6/30/2019,BRL,129234000,192651000,63417000,63417000,24411000,91130000,20113000,168240000,0,-1687000,6439000,5009000,0,0,0,0,15687000,3219000,0,12468000,0,52286000,0,12468000
LIVK,12/31/2019,USD,0,0,0,0,-103585,103585,0,103585,0,49785,49785,0,0,0,0,0,-67402,0,0,-67402,0,-103585,0,-67402
LIZI,12/31/2019,CNY,64443000,365278000,300835000,300835000,-28651000,43861000,52303000,96164000,0,37000,43000,0,0,0,0,0,-28950000,0,0,-28950000,0,-24886000,0,-28950000
LI,6/30/2020,CNY,259703000,1947238000,1687535000,1687535000,-176280000,234543000,201440000,2123518000,0,10242000,31538000,21296000,0,0,0,0,-75162000,0,0,-75162000,0,-137902000,0,-75162000
LMND,6/30/2020,USD,0,29900000,0,0,0,26100000,4200000,50600000,0,0,100000,0,0,0,0,0,-20700000,300000,0,-21000000,-20800000,0,0,-21000000
LMPX,12/31/2019,USD,247874,3032480,2784606,2784606,-648305,758051,0,-8344414,0,-23233,-23230,25206,0,0,0,0,-572195,0,0,-572195,0,-273426,0,-572195
LSPD,9/30/2020,USD,27505000,45493000,17988000,17988000,-18080000,27618000,12252000,63573000,0,-132000,556000,688000,0,0,0,0,-20778000,-1312000,0,-19466000,0,-14375000,0,-19466000
LTRN,6/30/2020,USD,0,0,0,0,-833422,676399,157023,833422,0,0,0,0,0,0,0,0,-833422,0,0,-833422,0,-832756,0,-833422
LU,9/30/2020,CNY,0,9805443000,0,0,5073563000,5432531000,0,0,0,766675000,2419021000,1652346000,0,0,0,0,3621391000,1464193000,0,2157198000,0,0,0,2184179000
LVGO,6/30/2019,USD,28003000,40886000,12883000,12883000,-14142000,31854000,10291000,55028000,0,0,0,0,0,0,0,0,-14239000,5000,0,-14244000,0,-12759000,0,-14244000
LXEH,9/30/2020,CNY,-3668795,19928837,23597632,23597632,-7954183,4285388,0,27883020,0,-420064,23991,444055,0,0,0,0,-3325317,0,0,-3325317,0,-2881262,0,-3325317
LYFT,3/31/2019,USD,313170000,776027000,462857000,650092000,-1156890000,651865000,630960000,1932917000,0,19654000,19654000,0,0,146000,0,0,-1137090000,1383000,0,-1138473000,-1136420000,-1156890000,0,-1138473000
LYRA,3/31/2020,USD,0,0,0,0,-4248000,1284000,2964000,4248000,0,16000,16000,0,0,0,0,0,-4232000,0,0,-4232000,0,-4240000,0,-4232000
MCFE,9/30/2020,USD,519000000,728000000,209000000,209000000,128000000,248000000,88000000,600000000,0,-73000000,0,73000000,0,0,0,0,12000000,12000000,0,0,0,205000000,0,0
MCMJ,9/30/2019,USD,0,0,0,0,-87,87,0,87,0,0,0,0,0,0,0,0,-87,0,0,-87,0,-87,0,-87
MDJH,12/31/2018,USD,860642,2408450,0,0,-564380,2960250,0,756044,0,0,26570,0,0,0,0,0,-537810,0,0,116517,0,104598,0,-515970
MDLA,7/31/2019,USD,60787000,95670000,34883000,34883000,-38452000,76546000,22693000,99239000,0,431000,431000,0,0,0,0,3500000,-37984000,300000,0,-38284000,-38914000,-38452000,-34952000,-38284000
MDWT,12/31/2020,USD,-796271,-831992,-35721,0,-17301306,2724146,0,11642594,2769847,0,0,0,-146185,0,12927,670233,-12474586,-560341,0,-11914245,-3227773,-17301306,-16631073,-11914245
MEC,3/31/2019,USD,19579000,143732000,124153000,124153000,6060000,8473000,0,137679000,0,-2832000,-2832000,2832000,0,0,4973000,0,3228000,769000,0,2460000,0,6060000,0,2459000
MEDS,12/31/2019,USD,1250297,1510993,445606,445606,-357093,1238870,0,1601306,0,-6410,-6410,6410,-5918861,46800,1250,0,-495203,0,184910,-310293,-495203,-357093,0,-495203
MEG,6/30/2020,USD,27877000,73766000,45889000,45889000,-3808000,23301000,0,78974000,0,-5260000,-6660000,5260000,0,0,0,0,11465000,-1759000,0,13224000,0,26509000,0,13224000
MIRM,6/30/2019,USD,0,0,0,0,-14034000,2445000,11589000,14034000,0,468000,468000,0,0,0,0,0,-13557000,0,0,-13557000,0,-13946000,0,-13557000
MITO,3/31/2019,USD,0,0,0,0,-41485000,4157000,14328000,18485000,0,-4475000,-1693000,4683000,0,0,0,0,-43178000,0,0,-43178000,0,-18277000,0,-43178000
MKD,12/31/2019,CNY,35120000,4062676000,4027556000,4027556000,-58595000,52043000,14535000,4121271000,0,-2192000,-2180000,-2193000,0,0,0,0,-59861000,465000,0,-60326000,0,-57937000,0,-60326000
MNPR,12/31/2019,USD,0,0,0,0,-1224895,641117,583778,1224895,0,18036,18036,0,0,0,0,0,-1206859,0,0,-1206859,0,-1224895,0,-1206859
MNRL,3/31/2019,USD,13149000,18265000,5116000,5116000,8707000,4442000,0,9558000,0,-3825000,-4510000,3825000,0,29000,0,0,4226000,190000,0,4195000,8707000,8707000,0,4036000
MNSO,9/30/2020,CNY,522376000,2072139000,1549763000,1549763000,19497000,538872000,0,2052642000,0,2070000,9170000,7100000,0,0,0,0,-1625359000,50976000,0,-1676335000,0,-1618259000,0,-1672619000
MOHO,9/30/2019,USD,18416000,74929000,56513000,56513000,2667000,15307000,442000,72262000,0,-719000,-574000,719000,0,0,0,0,2230000,308000,0,1922000,0,2804000,0,1977000
MORF,6/30/2019,USD,-8340000,5567000,13907000,13907000,-10417000,2077000,13907000,15984000,0,1119000,1119000,-34000,0,0,0,0,-9298000,135000,0,-9433000,0,-10218000,0,-9433000
MRVI,12/31/2020,USD,74958000,98353000,23395000,23395000,31245000,41621000,2092000,67108000,0,-8806000,0,8806000,0,0,0,0,14841000,369000,0,14472000,0,23647000,0,25209000
MTC,12/31/2018,USD,10570,26880,16310,16310,-1263300,1273870,0,645088,0,0,-17860,0,0,0,0,0,-1286750,0,0,-643376,0,-631647,0,-1286750
NBAC,12/31/2019,USD,0,0,0,0,-175,175,0,175,0,0,0,0,0,0,0,0,-175,0,0,-175,0,-175,0,-175
NBTX,12/31/2020,EUR,0,0,0,0,0,0,0,0,0,0,0,0,0,0,0,0,0,4000,0,0,0,0,0,0
NCNO,7/31/2020,USD,26178000,48765000,22587000,22587000,-15693000,26579000,15292000,64458000,0,55000,55000,0,0,0,0,0,-14521000,203000,0,-14724000,0,-13936000,0,-14646000
NET,9/30/2019,USD,57908000,73941000,16033000,16033000,-41086000,71131000,27863000,98994000,0,672000,672000,407000,0,-651000,7700000,0,-41065000,-212000,0,-40853000,-40846000,-41086000,0,-40853000
NFE,12/31/2018,USD,200000,31369000,31169000,27117000,-21960000,21310000,0,53329000,0,0,0,4859000,0,887000,1124000,1063000,-35466000,-737000,0,-34763000,-37849000,-21960000,-20897000,-34729000
NGMS,12/31/2020,USD,0,14007000,0,0,2856000,5648000,2342000,11151000,0,-1139000,0,1139000,0,0,0,0,1717000,737000,0,2494000,0,6017000,0,2494000
NKTX,6/30/2020,USD,0,0,0,0,-10355581,2493595,7861986,10355581,0,27176,27176,0,0,0,0,0,-51065117,0,0,-51065117,0,-10183414,0,-51065117
NNOX,9/30/2020,USD,0,0,0,0,-11062000,8956000,2106000,11062000,0,7000,0,0,0,0,0,0,-11055000,0,0,-11055000,0,-11062000,0,-11055000
NRIX,8/31/2020,USD,0,0,0,0,-19192000,4338000,18939000,23277000,0,675000,675000,0,0,0,0,600000,-18517000,0,0,-18517000,-18518000,-19192000,-18592000,-18517000
NUZE,6/30/2020,USD,-139077,191962,331039,331039,-2518024,0,0,2378947,0,-6448,0,6448,0,-16590,0,0,-2541062,0,6448,-2534614,-2531679,-2518024,0,-2541062
OCFT,12/31/2019,CNY,259845000,772923000,513078000,513078000,-535910000,468022000,314597000,13136000,0,-3819000,37880000,42114000,0,0,0,0,-588654000,49884000,0,-638538000,0,-500304000,0,-619375000
OLMA,12/31/2020,USD,0,0,0,0,-10131000,3842000,6289000,10131000,0,0,0,0,0,0,0,0,-10131000,0,0,-10131000,0,-10131000,0,-10131000
OM,9/30/2020,USD,-5126000,13756000,18882000,18882000,-40733000,26432000,9175000,54489000,0,-431000,0,431000,0,0,0,0,-42294000,0,0,-42294000,0,-40300000,0,-42294000
ONCR,9/30/2020,USD,0,0,0,0,-8900000,1973000,6927000,8900000,0,2000,2000,0,0,0,0,0,-19531000,0,0,-19531000,0,-8545000,0,-19531000
ONEW,12/31/2019,USD,32189000,153698000,121509000,121509000,2552000,28305000,0,150709000,0,-4512000,-4512000,4512000,0,-13000,0,760000,-1067000,0,0,-1067000,0,2552000,3312000,-1314000
OPRT,9/30/2019,USD,131093000,153880000,22383000,22383000,14415000,3886000,0,122032000,0,123773000,139272000,15499000,0,0,2300000,0,14429000,4400000,0,10029000,10037000,31444000,0,10029000
OPT,9/30/2020,AUD,0,0,0,0,0,0,0,0,0,0,0,0,0,0,0,0,0,-1761416,0,0,0,0,0,0
ORCC,6/30/2019,USD,123822000,131735000,52313000,52313000,119622000,4421000,0,2865000,0,137371000,171364000,33993000,0,0,0,0,124449000,-221000,0,124670000,0,156259000,0,124670000
ORIC,3/31/2020,USD,0,0,0,0,-9179000,1925000,7254000,9179000,0,241000,241000,0,0,0,0,0,-8872000,0,0,-8872000,0,-8929000,0,-8872000
ORPH,9/30/2020,DKK,0,0,0,0,0,0,0,0,0,0,0,0,0,0,0,0,0,33000,0,0,0,0,0,0
ORSN,6/30/2019,USD,0,0,0,0,-103,103,0,103,0,0,0,0,0,0,0,0,-103,0,0,-103,0,-103,0,-103
OSH,6/30/2020,USD,19396000,214382000,194986000,194986000,-24418000,41140000,0,238800000,0,-2448000,-2448000,2448000,0,0,0,0,-26844000,0,0,-26844000,0,-21722000,0,-26765000
OYST,9/30/2019,USD,0,0,0,0,-11897000,3809000,8088000,11897000,0,400000,400000,0,0,0,0,0,-11497000,0,0,-11497000,0,-11897000,0,-11497000
PACE,9/30/2020,USD,0,0,0,0,-19075,19075,0,19075,0,0,0,0,0,0,0,0,-19075,0,0,-19075,0,-19075,0,-19075
PBTS,3/31/2019,USD,2253054,6399598,4146544,4146544,-1186015,1873591,654912,7585613,0,0,0,-321920,0,0,0,0,-1487547,-45022,0,-1442525,0,-1186015,0,-1442525
PCVX,6/30/2020,USD,0,0,0,0,-20188000,3046000,18178000,-1036000,0,44000,44000,0,0,0,0,0,-20320000,0,0,-20320000,0,-19789000,0,-20320000
PFHD,12/31/2019,USD,0,8119000,0,0,0,5253000,0,0,0,7386000,10558000,3172000,0,0,0,0,1110000,122000,0,988000,0,0,0,988000
PHR,7/31/2019,USD,19505290,-30932300,11310878,11310878,-4140367,15540316,4689990,34956535,0,-745205,35795,781000,0,327421,2136245,0,-7442002,51189,0,-7493191,0,-4140367,0,-7493191
PINE,12/31/2019,USD,2906280,3804820,898540,898540,700770,606520,0,3104053,0,0,-41230,-41230,0,0,0,0,659540,0,0,659539,0,700769,0,665600
PING,9/30/2019,USD,47525000,61765000,14240000,14240000,3379000,28803000,11283000,44146000,0,-3818000,-3818000,3818000,0,-992000,700000,4060000,-4595000,-4000000,0,-595000,-705000,3379000,7439000,-595000
PLIN,6/30/2019,USD,9001220,102545150,93543930,93543930,5534520,3466700,0,22138276,0,0,-977860,-141577,0,0,0,0,4577240,-133057,0,1613754,0,1681316,0,4363590
PLMR,3/31/2019,USD,-13837000,22307000,36144000,36144000,-13837000,0,0,36573000,960000,-429000,-429000,429000,0,0,0,0,-14266000,145000,0,-14411000,-12224000,-13837000,0,-14411000
PLTR,9/30/2020,USD,140026000,289366000,149340000,149340000,-847777000,673888000,313915000,987803000,0,-1591000,494000,2085000,0,-3293000,2500000,0,-861862000,-8543000,0,-853319000,-853051000,-847777000,0,-853319000
PRAX,9/30/2020,USD,0,0,0,0,-16217000,3431000,12786000,16217000,0,1000,1000,0,0,0,0,0,-16216000,0,0,-16216000,0,-16207000,0,-16216000
PRFX,9/30/2020,USD,0,0,0,0,0,0,0,0,0,0,0,0,0,0,0,0,0,110000,0,0,0,0,0,0
PRLD,9/30/2020,USD,0,0,0,0,-18144000,2851000,15293000,18144000,0,0,0,0,0,0,0,0,-16760000,0,0,-16760000,0,-18002000,0,-16760000
PROS,6/30/2019,USD,47464000,220112000,172648000,172648000,14266000,26028000,0,207850000,0,-3147000,-3147000,3147000,0,0,0,0,11041000,2423000,0,8696000,32025000,14188000,0,8618000
PRVL,6/30/2019,USD,0,0,0,0,-15668000,3713000,11955000,15668000,0,565000,565000,0,0,0,0,0,-15103000,0,0,-15103000,0,-15046825,0,-15103000
PSNL,6/30/2019,USD,-24927000,-15004000,9923000,9923000,-4061000,5466000,4497000,19886000,0,-545000,200000,745000,0,-1261000,0,0,-5867000,2000,0,-5869000,-5884000,-4061000,0,-5869000
PTK,6/30/2020,USD,0,0,0,0,-98230,98230,0,98230,0,0,0,0,0,0,0,0,-98230,0,0,-98230,0,-98230,0,-98230
PTON,9/30/2019,USD,105100000,228000000,122900000,122900000,-50900000,138500000,17400000,156000000,0,1300000,1300000,0,0,-100000,0,0,-49700000,100000,0,-49800000,-51100000,-50900000,0,-49800000
PTVE,9/30/2020,USD,184000000,1457000000,1011000000,1011000000,-31000000,116000000,0,1171000000,0,-80000000,3000000,68000000,1210000000,1000000,58000000,0,-317000000,42000000,0,-143000000,-293000000,-31000000,0,-359000000
PUBM,12/31/2020,USD,44792000,56242000,11450000,11450000,22206000,19616000,2970000,34036000,0,0,0,0,0,0,0,0,21688000,2863000,0,18825000,0,26375000,0,18825000
PUYI,3/31/2019,USD,30467500,39490500,9023000,9023000,1853500,28614000,0,37637000,0,0,0,0,0,0,0,0,3459500,241500,0,3218000,0,1853500,0,3518000
PYPD,6/30/2020,USD,0,0,0,0,-7272000,2933000,4339000,7272000,0,-9721000,0,0,0,0,0,0,-16993000,0,0,-16993000,0,-7272000,0,-16993000
QH,6/30/2020,CNY,60353000,547577000,487224000,487224000,28134000,29487000,2732000,519443000,0,-1969000,254000,2223000,0,0,0,0,31198000,11518000,0,19680000,0,31989000,0,20660000
QK,9/30/2019,CNY,-15675000,335832000,351507000,351507000,-87818000,65461000,8649000,-1967000,0,-24007000,1607000,25616000,0,0,0,0,-125113000,23000,0,-125136000,0,-30314000,0,-125116000
RBKB,12/31/2018,USD,8594000,8594000,525000,0,6119000,1797000,0,2459000,0,7521000,9241000,1720000,1551000,0,0,291000,1667000,469000,1720000,1198000,2264000,6119000,6410000,1198000
REAL,6/30/2019,USD,46050000,72209000,26159000,24926000,-25340000,25355000,0,71390000,0,230000,610000,380000,0,-1706000,0,3200000,-26816000,59000,0,-26875000,-26873000,-25340000,-22140000,-26875000
REYN,12/31/2019,USD,263000000,835000000,572000000,572000000,158000000,74000000,0,677000000,0,-35000000,0,35000000,0,0,0,28000000,122000000,32000000,0,158000000,86000000,157000000,185000000,90000000
RICE,9/30/2020,USD,0,0,0,0,0,0,0,0,0,0,0,0,0,0,0,0,0,0,0,0,0,0,0,0
RKT,6/30/2020,USD,0,4441698000,0,0,4021973000,1344442000,0,0,0,-8885000,-159491000,86924000,0,0,0,0,3585809000,21944000,0,3461211000,0,0,0,3461647000
RLAY,6/30/2020,USD,0,0,0,0,-27719000,6053000,21666000,27719000,0,998000,998000,0,0,0,0,0,-26724000,0,0,-26724000,0,-26854000,0,-26724000
RMBI,6/30/2019,USD,7897381,7897381,485000,0,6807347,1090034,0,1090034,0,7482476,10398501,2916025,899905,0,0,225093,293425,-41700,2916025,-754909,1890689,6807347,7032440,335125
RNLX,6/30/2020,USD,0,0,0,0,0,4116000,0,0,0,0,0,0,0,0,0,0,0,-1360000,0,0,0,0,0,0
ROOT,9/30/2020,USD,0,50500000,0,0,0,66400000,0,116200000,0,-19500000,1200000,19500000,0,0,0,0,-85200000,0,0,-85200000,-85100000,0,0,-85200000
RPLA,3/31/2019,USD,0,0,0,0,-13740,13740,0,13739,0,0,0,0,0,0,0,0,-13740,0,0,-13739,0,-13739,0,-13740
RPRX,6/30/2020,USD,510932000,510932000,0,0,409346000,42799000,5776000,98276000,2724000,-31465000,2724000,34189000,0,261000,0,0,601976000,1624000,0,601976000,447399000,409346000,0,442074000
RPTX,6/30/2020,USD,0,0,0,0,-12323000,3372000,8951000,12323000,0,0,0,0,0,0,0,0,-11732000,70000,0,-11802000,0,-12711000,0,-11802000
RTLR,6/30/2019,USD,58666000,111774000,53108000,53108000,55602000,3068000,0,56172000,0,-85000,-199000,85000,0,-114000,10158000,10158000,55403000,8724000,0,46679000,0,55602000,65760000,4803000
RUHN,3/31/2019,CNY,84263000,228249000,143986000,143986000,-34082930,118360000,0,271339783,0,197190,7759450,0,0,0,0,0,-26323480,933470,0,-27419705,0,-6474000,0,-28095860
RXT,6/30/2020,USD,241900000,656500000,414600000,414600000,22700000,219200000,0,633800000,0,-68900000,0,68900000,0,300000,0,0,-44900000,-12300000,0,-32600000,-36800000,22700000,0,-32600000
SCPE,6/30/2019,USD,0,0,0,0,-70,70,0,70,0,0,0,0,0,0,0,0,-70,0,0,-70,0,-70,0,-70
SDC,9/30/2019,USD,138750000,180185000,41435000,39125000,-382341000,521091000,0,562526000,0,-4291000,-4291000,4291000,0,-421000,0,0,-87817000,479000,0,-387564000,0,-382341000,0,-88296000
SDGR,12/31/2019,USD,15527000,25832000,10305000,10305000,-7847000,12292000,11082000,23374000,0,415000,415000,0,0,0,893000,0,-6798000,-29000,0,-7145000,-6777000,-7847000,0,-6769000
SFTW,9/30/2019,USD,-1061,0,1061,1061,-1061,1061,0,1061,0,0,0,0,0,0,0,0,-1061,0,0,-1061,0,-1061,0,-1061
SGTX,12/31/2020,USD,0,3756000,0,0,-14086000,3505000,14337000,17842000,0,-461000,44000,505000,0,0,0,0,-15189000,0,0,-15189000,0,-14458000,0,-15189000
SHC,12/31/2020,USD,120577000,216845000,96268000,96268000,52381000,53156000,0,164464000,0,-48117000,0,48117000,0,0,0,0,-35078000,8308000,0,-43386000,0,49444000,0,-43680000
SITM,12/31/2019,USD,13448000,28089000,14641000,14641000,1030000,6469000,5949000,12418000,0,-394000,-394000,394000,0,-12000,900000,0,624000,-9000,0,633000,0,1030000,0,633000
SLGG,3/31/2019,USD,175000,249000,74000,74000,-6136000,5601000,1155000,6311000,0,-9938000,-187000,2871000,0,-9933000,0,335000,-16069000,0,0,-16069000,0,-6136000,-5801000,-16069000
SNDL,6/30/2019,CAD,19270000,19299000,29000,29000,-4067000,21433000,1756000,23366000,0,-8083000,-7888000,5369000,0,0,0,0,-12350000,-923073.96,0,-12350000,0,-5280000,0,-12322000
SNOW,9/30/2020,USD,92943000,159624000,66681000,66681000,-169454000,188259000,74138000,329078000,0,1517000,1517000,0,0,0,0,0,-168456000,433000,0,-168889000,0,-166605000,0,-168889000
SOAC,3/31/2020,USD,0,0,0,0,-58999,58999,0,58999,0,0,0,0,0,0,0,0,-58999,0,0,-58999,0,-58999,0,-58999
SONM,3/31/2019,USD,9021000,26484000,17463000,17463000,-4142000,6202000,6961000,13163000,0,-422000,-422000,422000,0,-265000,0,0,-4829000,295000,0,-6206000,0,-4142000,0,-5124000
SPNV,9/30/2020,USD,0,0,0,0,0,0,0,0,0,0,0,0,0,0,0,0,0,0,0,0,0,0,0,0
SPRB,9/30/2020,USD,0,0,0,0,-9559000,1790000,7769000,9559000,0,-79000,0,79000,0,0,0,0,-9587000,0,0,-9587000,0,-9500000,0,-9587000
SQFT,9/30/2020,USD,5663568,5663568,0,2108621,-5265422,1366380,0,5101918,0,-2143960,0,2143960,332714,-12270,0,1626917,-1625643,122602,2143960,-7697919,-1384468,-5265422,-3638505,-1748245
SQZ,9/30/2020,USD,6121,6121000,0,0,-12401000,4612000,13910000,18522000,0,56000,56000,0,0,-6000,0,0,-12351000,0,0,-12351000,0,-12401000,0,-12351000
SSPK,6/30/2019,USD,0,0,0,0,-5000,133620,0,0,0,0,0,0,0,0,0,0,-5000,0,0,-5000,0,0,0,-5000
STEP,9/30/2020,USD,-35291000,-61413000,-26122000,-26122000,110030000,10770000,0,132883000,0,-5105000,165000,5270000,0,0,0,0,109250000,881000,0,108369000,0,-44593000,0,-790000
STPK,9/30/2020,USD,0,0,0,0,-392916,243883,0,392916,0,0,0,0,0,0,0,0,-374402,0,0,-374402,0,-411430,0,-374402
SUMO,10/31/2020,USD,38267000,51868000,13601000,13601000,-22897000,15507000,18753000,61164000,0,-612000,0,290000,0,0,400000,0,-23509000,417000,0,-23926000,-23977000,-22897000,0,-23926000
SWTX,9/30/2019,USD,0,0,0,0,-15329000,4584000,10745000,15329000,0,997000,997000,0,0,0,0,0,-16833000,0,0,-16833000,0,-15266000,0,-16833000
SXTC,12/31/2018,USD,2678690,3917710,1239020,1239020,222619,2842040,0,2842040,0,0,0,-3338,0,0,0,0,233345,-40087,0,273432,0,1328960,0,273432
SYTA,9/30/2020,CAD,966681,3013957,2047000,2047000,-1697051,2207750,0,4710732,0,-645673,0,0,0,0,0,0,-2507307,0,0,-2507307,0,-1216939,0,-2506798
SY,3/31/2019,CNY,169636000,206053000,36417000,36417000,37965000,100326000,31345000,131671000,0,5451000,14027000,0,0,0,0,0,52932000,7027000,0,45905000,0,66959000,0,45905000
TARS,9/30/2020,USD,0,0,0,0,-10141000,2150000,7991000,10141000,0,4000,0,0,0,0,0,0,-10137000,1000,0,-10138000,0,-10061000,0,-10138000
TCRR,3/31/2019,USD,0,0,0,0,-10775000,2886000,7889000,10775000,0,872000,872000,0,0,872000,0,0,-9903000,0,0,-9903000,0,-10640000,0,-9903000
THBR,6/30/2019,USD,0,0,0,0,-26355,26355,0,26355,0,0,0,0,0,0,0,0,-26355,0,0,-26355,0,-26355,0,-26355
THCA,6/30/2019,USD,0,0,0,0,-29,29,0,29,0,0,0,0,0,0,0,0,-29,0,0,-29,0,-29,0,-29
THCB,3/31/2019,USD,-70042,0,70042,70042,-70040,0,0,70042,0,409539,428680,0,0,0,0,0,358640,75314,0,283325,0,-70042,0,283330
THRY,9/30/2020,USD,152978000,240325000,87347000,87347000,22573000,94951000,0,217752000,0,-15609000,0,15609000,0,0,0,0,-24395000,-24250000,0,-145000,0,27852000,0,-145000
TIGR,3/31/2019,USD,17556340,19969920,2413580,2413580,-3993230,13709650,0,14210847,0,195108,564380,208721,0,0,0,0,-3428800,-1083313,0,-2345489,0,-1591830,0,-2874270
TIG,6/30/2020,USD,0,24429000,0,0,0,8316000,0,-40000,0,-501000,7000,501000,0,0,0,0,3469000,979000,0,3720000,0,0,0,3720000
TMDX,3/31/2019,USD,2573000,4676000,2103000,2103000,-5962000,4653000,3882000,8535000,0,-1093000,0,1093000,0,-103000,0,0,-6885000,10000,0,-6895000,-6861000,-5962000,0,-6895000
TPGY,9/30/2020,USD,0,0,0,0,-14183,14183,0,14183,0,0,0,0,0,0,0,0,-14183,0,0,-14183,0,-14183,0,-14183
TRVI,3/31/2019,USD,0,0,0,0,-4812000,1474000,3338000,4812000,0,58000,6000,0,0,0,0,0,-4806000,-4000,0,-4802000,0,-4797000,0,-4802000
TSHA,9/30/2020,USD,0,0,0,0,-15041000,3984000,11057000,15041000,0,-1000,0,1000,0,0,0,0,-15042000,0,0,-15042000,0,-15041000,0,-15042000
TUFN,3/31/2019,USD,18416000,22454000,4038000,4038000,-4275000,16188000,6503000,22691000,0,40000,40000,-277000,0,0,0,0,-4235000,213000,0,-4448000,0,-4458000,0,-4448000
TW,3/31/2019,USD,176752000,201617000,10040000,10040000,46277000,96678000,0,140515000,0,858000,858000,0,0,0,0,0,47135000,4783000,0,42352000,0,0,0,42352000
TXG,9/30/2019,USD,45727000,61207000,15480000,15480000,-9096000,32614000,22209000,54823000,0,-227000,481000,708000,0,-272000,0,0,-9595000,8000,0,-9603000,-9729000,-9096000,0,-9603000
UBER,3/31/2019,USD,984000000,3099000000,2115000000,2115000000,-1034000000,1463000000,409000000,4133000000,0,-173000000,17000000,217000000,0,26000000,0,0,-993000000,19000000,0,-1016000000,-1070000000,-1034000000,0,-1012000000
UCL,6/30/2020,USD,5487000,21026000,15539000,15539000,-41574000,33517000,13544000,-54000,0,-91000,15000,106000,0,0,0,0,-41611000,6000,0,-41617000,0,-41505000,0,-41617000
UPST,12/31/2020,USD,0,77715000,0,0,0,62166000,0,0,0,2289000,2289000,0,0,0,0,0,1398000,371000,0,1027000,0,0,0,1027000
VIAO,9/30/2020,EUR,6400000,43600000,37200000,37200000,1700000,4500000,400000,41900000,0,-300000,0,0,0,0,0,0,1400000,0,0,1400000,0,1700000,0,1400000
VIRI,12/31/2020,USD,0,0,0,0,-6421652,6389582,32070,6421652,0,0,0,0,0,0,0,0,-6501228,0,0,-6501228,0,-6421652,0,-6501228
VIR,9/30/2019,USD,-38460000,1403000,39863000,39863000,-47681000,9220000,39863000,49083000,0,2012000,2012000,0,0,-2659000,0,0,-48327000,-13000,0,-48314000,-48473000,-47681000,0,-48314000
VIST,6/30/2019,USD,27423000,120361000,92938000,92938000,7181000,19840000,0,113180000,0,-7694000,252000,7500000,0,0,0,0,2397000,-1305000,0,3702000,0,54171000,0,3702000
VITL,6/30/2020,USD,22698000,59341000,36643000,36643000,9062000,13636000,0,50279000,0,-97000,0,97000,0,0,0,0,8784000,2848000,0,5936000,0,9379000,0,5964000
VSTA,6/30/2020,BRL,71811000,120233000,48422000,48422000,-53076000,126063000,0,-1176000,0,-28294000,3567000,31861000,0,0,0,0,-82634000,-27696000,0,-54938000,0,-5975000,0,-54938000
VTRU,9/30/2020,BRL,53100000,109400000,56300000,56300000,16600000,35800000,0,700000,0,-6800000,5800000,12600000,0,0,0,0,3300000,13414000,0,4000000,0,35531000,0,4000000
WAFU,3/31/2019,USD,986310,2500200,1513890,1513890,-1515170,2023960,0,2023970,0,0,52120,0,0,0,0,0,-1461990,-109947,0,-621048,0,-878380,0,-1090370
WIMI,3/31/2020,CNY,26403415,85417950,0,0,0,8185967,0,0,0,0,0,0,0,0,0,0,0,490829,0,0,0,0,0,0
WISH,12/31/2020,USD,452000000,794000000,342000000,342000000,-511000000,813000000,150000000,1305000000,0,-2000000,0,0,0,0,0,0,-568000000,1000000,0,-569000000,0,-508000000,0,-569000000
WMG,6/30/2020,USD,483000000,1010000000,527000000,527000000,-433000000,869000000,0,916000000,0,-32000000,0,32000000,3316000000,-3000000,15000000,47000000,-469000000,51000000,0,-519000000,-505000000,-433000000,-386000000,-520000000
WORK,7/31/2019,USD,113867000,144973000,31106000,31106000,-363650000,259748000,217769000,477517000,0,4165000,4165000,208000,0,0,5800000,0,-360462000,-900000,0,-359616000,-359603000,-363650000,0,-359562000
WSG,6/30/2019,EUR,104404000,283802000,179398000,179398000,41723000,53699000,0,78670000,0,-15842000,321000,16163000,0,0,0,0,25734000,1169000,0,24565000,0,24615000,0,23446000
WTRE,3/31/2019,USD,60216000,146686000,144824000,144824000,52976000,13040000,0,151472000,0,43141000,-437000,-2841000,0,0,0,0,52539000,0,0,52539000,0,52021000,0,52539000
XPEV,9/30/2020,CNY,91541000,1990119000,1898578000,1898578000,-1744184000,1203792000,635373000,3734303000,0,19290000,23216000,3926000,0,0,0,0,-1148755000,6000,0,-1148761000,0,-1765038000,0,-1148761000
XP,12/31/2019,BRL,767579000,1254672000,487093000,487093000,168393000,670138000,0,-82051000,0,-51198000,-21769000,21769000,0,0,0,0,547165000,156979000,0,390186000,0,168107000,0,381186000
YALA,9/30/2020,USD,8217837,33826313,25608476,25608476,-30897309,37424976,1698495,64723622,0,22199,22199,0,0,0,0,0,-30871164,109112,0,-30980276,0,-30901255,0,-30980276
YJ,3/31/2019,CNY,654518000,3385555000,2731037000,2731037000,168000,654350000,0.05,3385387000,0,14921000,9659000,-0.01,0,0,0,0,20387000,2265000,0,16862000,0,5430000,0,14745000
YQ,12/31/2020,CNY,313219000,486787000,173568000,173568000,-363155000,484235000,192139000,849942000,0,2791000,2875000,84000,0,0,0,0,-365059000,0,0,-365059000,0,-364975000,0,-365059000
YSG,12/31/2020,CNY,1301010000,1961598000,660588000,660588000,-1533852000,2809252000,25610000,3495450000,0,5292000,5292000,0,0,0,0,0,-1532857000,-1653000,0,-1531204000,0,-1533852000,0,-1530596000
ZCMD,3/31/2020,USD,2810746,4231125,0,0,0,1668508,0,0,0,0,0,0,0,0,0,0,0,261240,0,0,0,0,0,0
ZGYH,12/31/2019,USD,0,0,0,0,0,0,0,0,0,0,0,0,0,0,0,0,0,0,0,0,0,1100150,0,0
ZNTL,3/31/2020,USD,0,0,0,0,-16399000,3141000,13258000,16399000,0,164000,164000,0,0,0,0,0,-16235000,0,0,-16235000,0,-16361000,0,-16126000
